%% This BibTeX bibliography file was created using BibDesk.
%% http://bibdesk.sourceforge.net/


%% Created for Younos Aboulnaga at 2012-11-11 07:23:00 -0500 


%% Saved with string encoding Unicode (UTF-8) 



@article{huberman2009social,
	Author = {Huberman, B. and Romero, D.M. and Wu, F.},
	Date-Added = {2012-11-06 05:33:02 +0000},
	Date-Modified = {2012-11-06 05:33:02 +0000},
	Journal = {First Monday},
	Number = {1-5},
	Title = {Social networks that matter: Twitter under the microscope},
	Volume = {14},
	Year = {2009}}

@article{Han:2000:MFP:335191.335372,
	Acmid = {335372},
	Address = {New York, NY, USA},
	Author = {Han, Jiawei and Pei, Jian and Yin, Yiwen},
	Date-Added = {2012-11-05 00:16:42 +0000},
	Date-Modified = {2012-11-05 00:16:42 +0000},
	Doi = {10.1145/335191.335372},
	Issn = {0163-5808},
	Issue_Date = {June 2000},
	Journal = {SIGMOD Rec.},
	Month = may,
	Number = {2},
	Numpages = {12},
	Pages = {1--12},
	Publisher = {ACM},
	Title = {Mining frequent patterns without candidate generation},
	Url = {http://doi.acm.org/10.1145/335191.335372},
	Volume = {29},
	Year = {2000},
	Bdsk-Url-1 = {http://doi.acm.org/10.1145/335191.335372},
	Bdsk-Url-2 = {http://dx.doi.org/10.1145/335191.335372}}

@inproceedings{Leskovec:2009:MDN:1557019.1557077,
	Acmid = {1557077},
	Address = {New York, NY, USA},
	Author = {Leskovec, Jure and Backstrom, Lars and Kleinberg, Jon},
	Booktitle = {Proceedings of the 15th ACM SIGKDD international conference on Knowledge discovery and data mining},
	Date-Added = {2012-11-04 23:27:53 +0000},
	Date-Modified = {2012-11-04 23:27:53 +0000},
	Doi = {10.1145/1557019.1557077},
	Isbn = {978-1-60558-495-9},
	Keywords = {blogs, information cascades, information networks, meme-tracking, news cycle, news media, social networks},
	Location = {Paris, France},
	Numpages = {10},
	Pages = {497--506},
	Publisher = {ACM},
	Series = {KDD '09},
	Title = {Meme-tracking and the dynamics of the news cycle},
	Url = {http://doi.acm.org/10.1145/1557019.1557077},
	Year = {2009},
	Bdsk-Url-1 = {http://doi.acm.org/10.1145/1557019.1557077},
	Bdsk-Url-2 = {http://dx.doi.org/10.1145/1557019.1557077}}

@book{Commandeur2007,
	Address = {Oxford},
	Annote = {Includes bibliographical references and index.},
	Author = {Commandeur, Jacques J F},
	Editor = {Koopman, S J (Siem Jan) and MyiLibrary.},
	Isbn = {9786611150174},
	Keywords = {State-space methods,Time-series analysis},
	Publisher = {Oxford University Press},
	Title = {{An introduction to state space time series analysis CN - Guelph/Laurier/Waterloo users -(QA280) CN - Guelph McLaughlin Book Stacks(QA280 .C65 2007) CN - UW Davis. Book Stacks. Main Floor(QA280 .C65 2007)}},
	Year = {2007}}
