%% This BibTeX bibliography file was created using BibDesk.
%% http://bibdesk.sourceforge.net/


%% Created for Younos Aboulnaga at 2013-05-16 23:26:35 -0400 


%% Saved with string encoding Unicode (UTF-8) 



@inproceedings{ritter2012open,
	Author = {Ritter, Alan and Etzioni, Oren and Clark, Sam and others},
	Booktitle = {Proceedings of the 18th ACM SIGKDD international conference on Knowledge discovery and data mining},
	Date-Added = {2013-05-17 03:09:23 +0000},
	Date-Modified = {2013-05-17 03:09:23 +0000},
	Organization = {ACM},
	Pages = {1104--1112},
	Title = {Open domain event extraction from twitter},
	Year = {2012}}

@inproceedings{petrovic2010streaming,
	Author = {Petrovi{\'c}, Sa{\v{s}}a and Osborne, Miles and Lavrenko, Victor},
	Booktitle = {Human Language Technologies: The 2010 Annual Conference of the North American Chapter of the Association for Computational Linguistics},
	Date-Added = {2013-05-17 03:08:04 +0000},
	Date-Modified = {2013-05-17 03:08:04 +0000},
	Organization = {Association for Computational Linguistics},
	Pages = {181--189},
	Title = {Streaming first story detection with application to twitter},
	Year = {2010}}

@article{vreeken2011krimp,
	Author = {Vreeken, Jilles and Van Leeuwen, Matthijs and Siebes, Arno},
	Date-Added = {2013-05-14 21:38:42 +0000},
	Date-Modified = {2013-05-14 21:38:42 +0000},
	Journal = {Data Mining and Knowledge Discovery},
	Number = {1},
	Pages = {169--214},
	Publisher = {Springer},
	Title = {Krimp: mining itemsets that compress},
	Volume = {23},
	Year = {2011}}

@inproceedings{mampaey2011tell,
	Author = {Mampaey, Michael and Tatti, Nikolaj and Vreeken, Jilles},
	Booktitle = {Proceedings of the 17th ACM SIGKDD international conference on Knowledge discovery and data mining},
	Date-Added = {2013-05-14 21:35:30 +0000},
	Date-Modified = {2013-05-14 21:35:30 +0000},
	Organization = {ACM},
	Pages = {573--581},
	Title = {Tell me what i need to know: succinctly summarizing data with itemsets},
	Year = {2011}}

@inproceedings{tan2002selecting,
	Author = {Tan, Pang-Ning and Kumar, Vipin and Srivastava, Jaideep},
	Booktitle = {Proceedings of the eighth ACM SIGKDD international conference on Knowledge discovery and data mining},
	Date-Added = {2013-05-13 03:33:36 +0000},
	Date-Modified = {2013-05-13 03:33:36 +0000},
	Organization = {ACM},
	Pages = {32--41},
	Title = {Selecting the right interestingness measure for association patterns},
	Year = {2002}}

@article{jones2007temporal,
	Author = {Jones, Rosie and Diaz, Fernando},
	Date-Added = {2013-05-12 00:01:39 +0000},
	Date-Modified = {2013-05-12 00:01:39 +0000},
	Journal = {ACM Transactions on Information Systems (TOIS)},
	Number = {3},
	Pages = {14},
	Publisher = {ACM},
	Title = {Temporal profiles of queries},
	Volume = {25},
	Year = {2007}}

@inproceedings{efron2012improving,
	Author = {Efron, Miles and Organisciak, Peter and Fenlon, Katrina},
	Booktitle = {Proceedings of the 35th international ACM SIGIR conference on Research and development in information retrieval},
	Date-Added = {2013-05-11 23:51:55 +0000},
	Date-Modified = {2013-05-11 23:51:55 +0000},
	Organization = {ACM},
	Pages = {911--920},
	Title = {Improving retrieval of short texts through document expansion},
	Year = {2012}}

@inproceedings{bayardo2007scaling,
	Author = {Bayardo, Roberto J and Ma, Yiming and Srikant, Ramakrishnan},
	Booktitle = {Proceedings of the 16th international conference on World Wide Web},
	Date-Added = {2013-05-05 04:25:48 +0000},
	Date-Modified = {2013-05-05 04:25:48 +0000},
	Organization = {Citeseer},
	Pages = {131--140},
	Title = {Scaling up all pairs similarity search},
	Year = {2007}}

@article{cohen2001finding,
	Author = {Cohen, Edith and Datar, Mayur and Fujiwara, Shinji and Gionis, Aristides and Indyk, Piotr and Motwani, Rajeev and Ullman, Jeffrey D. and Yang, Cheng},
	Date-Added = {2013-05-05 04:06:04 +0000},
	Date-Modified = {2013-05-05 04:06:04 +0000},
	Journal = {Knowledge and Data Engineering, IEEE Transactions on},
	Number = {1},
	Pages = {64--78},
	Publisher = {IEEE},
	Title = {Finding interesting associations without support pruning},
	Volume = {13},
	Year = {2001}}

@incollection{kim2004ccmine,
	Author = {Kim, Won-Young and Lee, Young-Koo and Han, Jiawei},
	Booktitle = {Advances in Knowledge Discovery and Data Mining},
	Date-Added = {2013-05-05 03:06:12 +0000},
	Date-Modified = {2013-05-05 03:06:12 +0000},
	Pages = {569--579},
	Publisher = {Springer},
	Title = {Ccmine: Efficient mining of confidence-closed correlated patterns},
	Year = {2004}}

@inproceedings{ramisch2012broad,
	Author = {Ramisch, Carlos and De Araujo, Vitor and Villavicencio, Aline},
	Booktitle = {Proceedings of ACL 2012 Student Research Workshop},
	Date-Added = {2013-05-04 17:14:19 +0000},
	Date-Modified = {2013-05-04 17:14:19 +0000},
	Organization = {Association for Computational Linguistics},
	Pages = {1--6},
	Title = {A broad evaluation of techniques for automatic acquisition of multiword expressions},
	Year = {2012}}

@inproceedings{grahne2004reducing,
	Author = {Grahne, G{\"o}sta and Zhu, Jianfei},
	Booktitle = {Proc. Workshop Frequent Item Set Mining Implementations (FIMI 2004, Brighton, UK), Aachen, Germany},
	Date-Added = {2013-05-04 13:32:14 +0000},
	Date-Modified = {2013-05-04 13:32:14 +0000},
	Organization = {Citeseer},
	Title = {Reducing the main memory consumptions of FPmax* and FPclose},
	Year = {2004}}

@inproceedings{laumicroblog,
	Address = {Gaithersburg, MD, USA},
	Author = {Lau, Cher Han and Li, YueFeng and Tjondronegoro, Dian},
	Booktitle = {Proceedings of the 20th TREC Conference},
	Date-Added = {2013-05-04 13:01:59 +0000},
	Date-Modified = {2013-05-04 13:11:38 +0000},
	Series = {Text Retrieval Evaluation Conference (TREC)},
	Title = {MICROBLOG RETRIEVAL USING TOPICAL FEATURES AND QUERY EXPANSION},
	Year = {2011}}

@inproceedings{li2010mining,
	Author = {Li, Yuefeng and Algarni, Abdulmohsen and Zhong, Ning},
	Booktitle = {Proceedings of the 16th ACM SIGKDD international conference on Knowledge discovery and data mining},
	Date-Added = {2013-05-04 03:48:46 +0000},
	Date-Modified = {2013-05-04 03:48:46 +0000},
	Organization = {ACM},
	Pages = {753--762},
	Title = {Mining positive and negative patterns for relevance feature discovery},
	Year = {2010}}

@inproceedings{liu2012finding,
	Author = {Liu, Guimei and Zhang, Haojun and Wong, Limsoon},
	Booktitle = {Proceedings of the 18th ACM SIGKDD international conference on Knowledge discovery and data mining},
	Date-Added = {2013-05-04 02:46:45 +0000},
	Date-Modified = {2013-05-04 02:46:45 +0000},
	Organization = {ACM},
	Pages = {51--59},
	Title = {Finding minimum representative pattern sets},
	Year = {2012}}

@inproceedings{xin2005mining,
	Author = {Xin, Dong and Han, Jiawei and Yan, Xifeng and Cheng, Hong},
	Booktitle = {Proceedings of the 31st international conference on Very large data bases},
	Date-Added = {2013-05-04 02:37:41 +0000},
	Date-Modified = {2013-05-04 02:37:41 +0000},
	Organization = {VLDB Endowment},
	Pages = {709--720},
	Title = {Mining compressed frequent-pattern sets},
	Year = {2005}}

@article{boulicaut2003free,
	Author = {Boulicaut, Jean-Fran{\c{c}}ois and Bykowski, Artur and Rigotti, Christophe},
	Date-Added = {2013-05-04 02:35:38 +0000},
	Date-Modified = {2013-05-04 02:35:38 +0000},
	Journal = {Data Mining and Knowledge Discovery},
	Number = {1},
	Pages = {5--22},
	Publisher = {Springer},
	Title = {Free-sets: a condensed representation of boolean data for the approximation of frequency queries},
	Volume = {7},
	Year = {2003}}

@inproceedings{yan2005summarizing,
	Author = {Yan, Xifeng and Cheng, Hong and Han, Jiawei and Xin, Dong},
	Booktitle = {Proceedings of the eleventh ACM SIGKDD international conference on Knowledge discovery in data mining},
	Date-Added = {2013-05-04 02:32:48 +0000},
	Date-Modified = {2013-05-04 02:32:48 +0000},
	Organization = {ACM},
	Pages = {314--323},
	Title = {Summarizing itemset patterns: a profile-based approach},
	Year = {2005}}

@incollection{pasquier1999discovering,
	Author = {Pasquier, Nicolas and Bastide, Yves and Taouil, Rafik and Lakhal, Lotfi},
	Booktitle = {Database Theory---ICDT'99},
	Date-Added = {2013-05-04 02:02:41 +0000},
	Date-Modified = {2013-05-04 02:02:41 +0000},
	Pages = {398--416},
	Publisher = {Springer},
	Title = {Discovering frequent closed itemsets for association rules},
	Year = {1999}}

@inproceedings{yang2012framework,
	Author = {Yang, Xintian and Ghoting, Amol and Ruan, Yiye and Parthasarathy, Srinivasan},
	Booktitle = {Proceedings of the 18th ACM SIGKDD international conference on Knowledge discovery and data mining},
	Date-Added = {2013-05-03 19:54:57 +0000},
	Date-Modified = {2013-05-03 19:54:57 +0000},
	Organization = {ACM},
	Pages = {370--378},
	Title = {A framework for summarizing and analyzing twitter feeds},
	Year = {2012}}

@inproceedings{uno2004lcm,
	Author = {Uno, Takeaki and Kiyomi, Masashi and Arimura, Hiroki},
	Booktitle = {Proceedings of the IEEE ICDM Workshop on Frequent Itemset Mining Implementations (FIMI 04)},
	Date-Added = {2013-05-03 16:49:35 +0000},
	Date-Modified = {2013-05-03 16:49:35 +0000},
	Title = {LCM ver. 2: Efficient mining algorithms for frequent/closed/maximal itemsets},
	Year = {2004}}

@proceedings{DBLP:conf/fimi/2004,
	Bibsource = {DBLP, http://dblp.uni-trier.de},
	Booktitle = {FIMI},
	Date-Added = {2013-05-03 16:47:08 +0000},
	Date-Modified = {2013-05-03 16:47:08 +0000},
	Editor = {Roberto J. Bayardo Jr. and Bart Goethals and Mohammed Javeed Zaki},
	Publisher = {CEUR-WS.org},
	Series = {CEUR Workshop Proceedings},
	Title = {FIMI '04, Proceedings of the IEEE ICDM Workshop on Frequent Itemset Mining Implementations, Brighton, UK, November 1, 2004},
	Volume = {126},
	Year = {2004}}

@inproceedings{han2000mining,
	Author = {Han, Jiawei and Pei, Jian and Yin, Yiwen},
	Booktitle = {ACM SIGMOD Record},
	Date-Added = {2013-05-03 16:00:03 +0000},
	Date-Modified = {2013-05-03 16:00:03 +0000},
	Number = {2},
	Organization = {ACM},
	Pages = {1--12},
	Title = {Mining frequent patterns without candidate generation},
	Volume = {29},
	Year = {2000}}

@inproceedings{agrawal1994fast,
	Author = {Agrawal, Rakesh and Srikant, Ramakrishnan and others},
	Booktitle = {Proc. 20th Int. Conf. Very Large Data Bases, VLDB},
	Date-Added = {2013-05-03 15:43:21 +0000},
	Date-Modified = {2013-05-03 15:43:21 +0000},
	Pages = {487--499},
	Title = {Fast algorithms for mining association rules},
	Volume = {1215},
	Year = {1994}}

@inproceedings{mathioudakis2010twittermonitor,
	Author = {Mathioudakis, Michael and Koudas, Nick},
	Booktitle = {Proceedings of the 2010 international conference on Management of data},
	Date-Added = {2013-05-03 03:42:34 +0000},
	Date-Modified = {2013-05-03 03:42:34 +0000},
	Organization = {ACM},
	Pages = {1155--1158},
	Title = {Twittermonitor: trend detection over the twitter stream},
	Year = {2010}}

@inproceedings{choi2012temporal,
	Author = {Choi, Jaeho and Croft, W Bruce},
	Booktitle = {Proceedings of the 21st ACM international conference on Information and knowledge management},
	Date-Added = {2013-05-03 02:06:16 +0000},
	Date-Modified = {2013-05-03 02:06:16 +0000},
	Organization = {ACM},
	Pages = {2491--2494},
	Title = {Temporal models for microblogs},
	Year = {2012}}
