%% This BibTeX bibliography file was created using BibDesk.
%% http://bibdesk.sourceforge.net/


%% Created for Younos Aboulnaga at 2013-05-27 12:29:05 -0400 


%% Saved with string encoding Unicode (UTF-8) 



@article{calders2007non,
	Author = {Calders, Toon and Goethals, Bart},
	Date-Added = {2013-05-27 15:31:00 +0000},
	Date-Modified = {2013-05-27 15:31:00 +0000},
	Journal = {Data Mining and Knowledge Discovery},
	Number = {1},
	Pages = {171--206},
	Publisher = {Springer},
	Title = {Non-derivable itemset mining},
	Volume = {14},
	Year = {2007}}

@incollection{calders2002mining,
	Author = {Calders, Toon and Goethals, Bart},
	Booktitle = {Principles of Data Mining and Knowledge Discovery},
	Date-Added = {2013-05-27 15:30:37 +0000},
	Date-Modified = {2013-05-27 15:30:37 +0000},
	Pages = {74--86},
	Publisher = {Springer},
	Title = {Mining all non-derivable frequent itemsets},
	Year = {2002}}

@incollection{boulicaut2000approximation,
	Author = {Boulicaut, Jean-Francois and Bykowski, Artur and Rigotti, Christophe},
	Booktitle = {Principles of Data Mining and Knowledge Discovery},
	Date-Added = {2013-05-27 15:12:19 +0000},
	Date-Modified = {2013-05-27 15:12:19 +0000},
	Pages = {75--85},
	Publisher = {Springer},
	Title = {Approximation of frequency queries by means of free-sets},
	Year = {2000}}

@inproceedings{kryszkiewicz2001concise,
	Author = {Kryszkiewicz, Marzena},
	Booktitle = {Data Mining, 2001. ICDM 2001, Proceedings IEEE International Conference on},
	Date-Added = {2013-05-27 15:11:10 +0000},
	Date-Modified = {2013-05-27 15:11:10 +0000},
	Organization = {IEEE},
	Pages = {305--312},
	Title = {Concise representation of frequent patterns based on disjunction-free generators},
	Year = {2001}}

@inproceedings{pei2000closet,
	Author = {Pei, Jian and Han, Jiawei and Mao, Runying and others},
	Booktitle = {ACM SIGMOD Workshop on Research Issues in Data Mining and Knowledge Discovery},
	Date-Added = {2013-05-27 15:10:30 +0000},
	Date-Modified = {2013-05-27 15:10:30 +0000},
	Number = {2},
	Pages = {21--30},
	Title = {CLOSET: An efficient algorithm for mining frequent closed itemsets},
	Volume = {4},
	Year = {2000}}

@article{pasquier1999efficient,
	Author = {Pasquier, Nicolas and Bastide, Yves and Taouil, Rafik and Lakhal, Lotfi},
	Date-Added = {2013-05-25 03:09:08 +0000},
	Date-Modified = {2013-05-25 03:09:08 +0000},
	Journal = {Information systems},
	Number = {1},
	Pages = {25--46},
	Publisher = {Elsevier},
	Title = {Efficient mining of association rules using closed itemset lattices},
	Volume = {24},
	Year = {1999}}

@inproceedings{zaki1997new,
	Author = {Zaki, Mohammed J and Parthasarathy, Srinivasan and Ogihara, Mitsunori and Li, Wei and others},
	Booktitle = {3rd Intl. Conf. on Knowledge Discovery and Data Mining},
	Date-Added = {2013-05-25 03:07:09 +0000},
	Date-Modified = {2013-05-25 03:07:09 +0000},
	Pages = {283--286},
	Title = {New algorithms for fast discovery of association rules},
	Volume = {20},
	Year = {1997}}

@inproceedings{zaki2002charm,
	Author = {Zaki, Mohammed J and Hsiao, Ching-Jui},
	Booktitle = {2nd SIAM international conference on data mining},
	Date-Added = {2013-05-25 03:06:23 +0000},
	Date-Modified = {2013-05-25 03:06:23 +0000},
	Pages = {457--73},
	Title = {CHARM: An efficient algorithm for closed itemset mining},
	Volume = {15},
	Year = {2002}}

@article{han2004mining,
	Author = {Han, Jiawei and Pei, Jian and Yin, Yiwen and Mao, Runying},
	Date-Added = {2013-05-25 02:41:10 +0000},
	Date-Modified = {2013-05-25 02:41:10 +0000},
	Journal = {Data mining and knowledge discovery},
	Number = {1},
	Pages = {53--87},
	Publisher = {Springer},
	Title = {Mining frequent patterns without candidate generation: A frequent-pattern tree approach},
	Volume = {8},
	Year = {2004}}

@book{wang2002top,
	Author = {Wang, Ke and Tang, Liu and Han, Jiawei and Liu, Junqiang},
	Date-Added = {2013-05-25 01:30:03 +0000},
	Date-Modified = {2013-05-25 01:30:03 +0000},
	Publisher = {Springer},
	Title = {Top down fp-growth for association rule mining},
	Year = {2002}}

@inproceedings{agrawal1993mining,
	Author = {Agrawal, Rakesh and Imieli{\'n}ski, Tomasz and Swami, Arun},
	Booktitle = {ACM SIGMOD Record},
	Date-Added = {2013-05-24 20:46:50 +0000},
	Date-Modified = {2013-05-24 20:46:50 +0000},
	Number = {2},
	Organization = {ACM},
	Pages = {207--216},
	Title = {Mining association rules between sets of items in large databases},
	Volume = {22},
	Year = {1993}}

@inproceedings{albathan2012using,
	Author = {Albathan, Mubarak and Li, Yuefeng and Algarni, Abdulmohsen},
	Booktitle = {2012 IEEE/WIC/ACM International Conference on Web Intelligence},
	Date-Added = {2013-05-24 18:37:10 +0000},
	Date-Modified = {2013-05-24 18:37:10 +0000},
	Organization = {IEEE},
	Pages = {201--205},
	Title = {Using patterns co-occurrence matrix for cleaning closed sequential patterns for text mining},
	Year = {2012}}

@inproceedings{wu2006deploying,
	Author = {Wu, Sheng-Tang and Li, Yuefeng and Xu, Yue},
	Booktitle = {Data Mining, 2006. ICDM'06. Sixth International Conference on},
	Date-Added = {2013-05-24 18:30:15 +0000},
	Date-Modified = {2013-05-24 18:30:15 +0000},
	Organization = {IEEE},
	Pages = {1157--1161},
	Title = {Deploying approaches for pattern refinement in text mining},
	Year = {2006}}

@inproceedings{wu2004automatic,
	Author = {Wu, Sheng-Tang and Li, Yuefeng and Xu, Yue and Pham, Binh and Chen, Phoebe},
	Booktitle = {Web Intelligence, 2004. WI 2004. Proceedings. IEEE/WIC/ACM International Conference on},
	Date-Added = {2013-05-24 18:07:54 +0000},
	Date-Modified = {2013-05-24 18:07:54 +0000},
	Organization = {IEEE},
	Pages = {242--248},
	Title = {Automatic pattern-taxonomy extraction for web mining},
	Year = {2004}}

@inproceedings{lin2012study,
	Author = {Lin, Jimmy and Mishne, Gilad},
	Booktitle = {Sixth International AAAI Conference on Weblogs and Social Media},
	Date-Added = {2013-05-24 03:51:47 +0000},
	Date-Modified = {2013-05-24 03:51:47 +0000},
	Title = {A study of ``churn'' in tweets and real-time search queries},
	Year = {2012}}

@inproceedings{kwak2010twitter,
	Author = {Kwak, Haewoon and Lee, Changhyun and Park, Hosung and Moon, Sue},
	Booktitle = {Proceedings of the 19th international conference on World wide web},
	Date-Added = {2013-05-24 02:01:26 +0000},
	Date-Modified = {2013-05-24 02:01:26 +0000},
	Organization = {ACM},
	Pages = {591--600},
	Title = {What is Twitter, a social network or a news media?},
	Year = {2010}}

@article{hurlock2011searching,
	Author = {Hurlock, Jonathan and Wilson, Max L},
	Date-Added = {2013-05-24 01:32:32 +0000},
	Date-Modified = {2013-05-24 01:32:32 +0000},
	Journal = {Proc. ICWSM 2011},
	Title = {Searching twitter: Separating the tweet from the chaff},
	Year = {2011}}

@inproceedings{java2007we,
	Author = {Java, Akshay and Song, Xiaodan and Finin, Tim and Tseng, Belle},
	Booktitle = {Proceedings of the 9th WebKDD and 1st SNA-KDD 2007 workshop on Web mining and social network analysis},
	Date-Added = {2013-05-24 01:29:53 +0000},
	Date-Modified = {2013-05-24 01:29:53 +0000},
	Organization = {ACM},
	Pages = {56--65},
	Title = {Why we twitter: understanding microblogging usage and communities},
	Year = {2007}}

@article{naaman2011hip,
	Author = {Naaman, Mor and Becker, Hila and Gravano, Luis},
	Date-Added = {2013-05-24 00:09:38 +0000},
	Date-Modified = {2013-05-24 00:09:38 +0000},
	Journal = {Journal of the American Society for Information Science and Technology},
	Number = {5},
	Pages = {902--918},
	Publisher = {Wiley Online Library},
	Title = {Hip and trendy: Characterizing emerging trends on Twitter},
	Volume = {62},
	Year = {2011}}

@inproceedings{ritter2012open,
	Author = {Ritter, Alan and Etzioni, Oren and Clark, Sam and others},
	Booktitle = {Proceedings of the 18th ACM SIGKDD international conference on Knowledge discovery and data mining},
	Date-Added = {2013-05-17 03:09:23 +0000},
	Date-Modified = {2013-05-17 03:09:23 +0000},
	Organization = {ACM},
	Pages = {1104--1112},
	Title = {Open domain event extraction from twitter},
	Year = {2012}}

@inproceedings{petrovic2010streaming,
	Author = {Petrovi{\'c}, Sa{\v{s}}a and Osborne, Miles and Lavrenko, Victor},
	Booktitle = {Human Language Technologies: The 2010 Annual Conference of the North American Chapter of the Association for Computational Linguistics},
	Date-Added = {2013-05-17 03:08:04 +0000},
	Date-Modified = {2013-05-17 03:08:04 +0000},
	Organization = {Association for Computational Linguistics},
	Pages = {181--189},
	Title = {Streaming first story detection with application to twitter},
	Year = {2010}}

@article{vreeken2011krimp,
	Author = {Vreeken, Jilles and Van Leeuwen, Matthijs and Siebes, Arno},
	Date-Added = {2013-05-14 21:38:42 +0000},
	Date-Modified = {2013-05-14 21:38:42 +0000},
	Journal = {Data Mining and Knowledge Discovery},
	Number = {1},
	Pages = {169--214},
	Publisher = {Springer},
	Title = {Krimp: mining itemsets that compress},
	Volume = {23},
	Year = {2011}}

@inproceedings{mampaey2011tell,
	Author = {Mampaey, Michael and Tatti, Nikolaj and Vreeken, Jilles},
	Booktitle = {Proceedings of the 17th ACM SIGKDD international conference on Knowledge discovery and data mining},
	Date-Added = {2013-05-14 21:35:30 +0000},
	Date-Modified = {2013-05-14 21:35:30 +0000},
	Organization = {ACM},
	Pages = {573--581},
	Title = {Tell me what i need to know: succinctly summarizing data with itemsets},
	Year = {2011}}

@inproceedings{tan2002selecting,
	Author = {Tan, Pang-Ning and Kumar, Vipin and Srivastava, Jaideep},
	Booktitle = {Proceedings of the eighth ACM SIGKDD international conference on Knowledge discovery and data mining},
	Date-Added = {2013-05-13 03:33:36 +0000},
	Date-Modified = {2013-05-13 03:33:36 +0000},
	Organization = {ACM},
	Pages = {32--41},
	Title = {Selecting the right interestingness measure for association patterns},
	Year = {2002}}

@article{jones2007temporal,
	Author = {Jones, Rosie and Diaz, Fernando},
	Date-Added = {2013-05-12 00:01:39 +0000},
	Date-Modified = {2013-05-12 00:01:39 +0000},
	Journal = {ACM Transactions on Information Systems (TOIS)},
	Number = {3},
	Pages = {14},
	Publisher = {ACM},
	Title = {Temporal profiles of queries},
	Volume = {25},
	Year = {2007}}

@inproceedings{efron2012improving,
	Author = {Efron, Miles and Organisciak, Peter and Fenlon, Katrina},
	Booktitle = {Proceedings of the 35th international ACM SIGIR conference on Research and development in information retrieval},
	Date-Added = {2013-05-11 23:51:55 +0000},
	Date-Modified = {2013-05-11 23:51:55 +0000},
	Organization = {ACM},
	Pages = {911--920},
	Title = {Improving retrieval of short texts through document expansion},
	Year = {2012}}

@inproceedings{bayardo2007scaling,
	Author = {Bayardo, Roberto J and Ma, Yiming and Srikant, Ramakrishnan},
	Booktitle = {Proceedings of the 16th international conference on World Wide Web},
	Date-Added = {2013-05-05 04:25:48 +0000},
	Date-Modified = {2013-05-05 04:25:48 +0000},
	Organization = {Citeseer},
	Pages = {131--140},
	Title = {Scaling up all pairs similarity search},
	Year = {2007}}

@article{cohen2001finding,
	Author = {Cohen, Edith and Datar, Mayur and Fujiwara, Shinji and Gionis, Aristides and Indyk, Piotr and Motwani, Rajeev and Ullman, Jeffrey D. and Yang, Cheng},
	Date-Added = {2013-05-05 04:06:04 +0000},
	Date-Modified = {2013-05-05 04:06:04 +0000},
	Journal = {Knowledge and Data Engineering, IEEE Transactions on},
	Number = {1},
	Pages = {64--78},
	Publisher = {IEEE},
	Title = {Finding interesting associations without support pruning},
	Volume = {13},
	Year = {2001}}

@incollection{kim2004ccmine,
	Author = {Kim, Won-Young and Lee, Young-Koo and Han, Jiawei},
	Booktitle = {Advances in Knowledge Discovery and Data Mining},
	Date-Added = {2013-05-05 03:06:12 +0000},
	Date-Modified = {2013-05-05 03:06:12 +0000},
	Pages = {569--579},
	Publisher = {Springer},
	Title = {Ccmine: Efficient mining of confidence-closed correlated patterns},
	Year = {2004}}

@inproceedings{ramisch2012broad,
	Author = {Ramisch, Carlos and De Araujo, Vitor and Villavicencio, Aline},
	Booktitle = {Proceedings of ACL 2012 Student Research Workshop},
	Date-Added = {2013-05-04 17:14:19 +0000},
	Date-Modified = {2013-05-04 17:14:19 +0000},
	Organization = {Association for Computational Linguistics},
	Pages = {1--6},
	Title = {A broad evaluation of techniques for automatic acquisition of multiword expressions},
	Year = {2012}}

@inproceedings{grahne2004reducing,
	Author = {Grahne, G{\"o}sta and Zhu, Jianfei},
	Booktitle = {Proc. Workshop Frequent Item Set Mining Implementations (FIMI 2004, Brighton, UK), Aachen, Germany},
	Date-Added = {2013-05-04 13:32:14 +0000},
	Date-Modified = {2013-05-04 13:32:14 +0000},
	Organization = {Citeseer},
	Title = {Reducing the main memory consumptions of FPmax* and FPclose},
	Year = {2004}}

@inproceedings{laumicroblog,
	Address = {Gaithersburg, MD, USA},
	Author = {Lau, Cher Han and Li, YueFeng and Tjondronegoro, Dian},
	Booktitle = {Proceedings of the 20th TREC Conference},
	Date-Added = {2013-05-04 13:01:59 +0000},
	Date-Modified = {2013-05-04 13:11:38 +0000},
	Series = {Text Retrieval Evaluation Conference (TREC)},
	Title = {MICROBLOG RETRIEVAL USING TOPICAL FEATURES AND QUERY EXPANSION},
	Year = {2011}}

@inproceedings{li2010mining,
	Author = {Li, Yuefeng and Algarni, Abdulmohsen and Zhong, Ning},
	Booktitle = {Proceedings of the 16th ACM SIGKDD international conference on Knowledge discovery and data mining},
	Date-Added = {2013-05-04 03:48:46 +0000},
	Date-Modified = {2013-05-04 03:48:46 +0000},
	Organization = {ACM},
	Pages = {753--762},
	Title = {Mining positive and negative patterns for relevance feature discovery},
	Year = {2010}}

@inproceedings{liu2012finding,
	Author = {Liu, Guimei and Zhang, Haojun and Wong, Limsoon},
	Booktitle = {Proceedings of the 18th ACM SIGKDD international conference on Knowledge discovery and data mining},
	Date-Added = {2013-05-04 02:46:45 +0000},
	Date-Modified = {2013-05-04 02:46:45 +0000},
	Organization = {ACM},
	Pages = {51--59},
	Title = {Finding minimum representative pattern sets},
	Year = {2012}}

@inproceedings{xin2005mining,
	Author = {Xin, Dong and Han, Jiawei and Yan, Xifeng and Cheng, Hong},
	Booktitle = {Proceedings of the 31st international conference on Very large data bases},
	Date-Added = {2013-05-04 02:37:41 +0000},
	Date-Modified = {2013-05-04 02:37:41 +0000},
	Organization = {VLDB Endowment},
	Pages = {709--720},
	Title = {Mining compressed frequent-pattern sets},
	Year = {2005}}

@article{boulicaut2003free,
	Author = {Boulicaut, Jean-Fran{\c{c}}ois and Bykowski, Artur and Rigotti, Christophe},
	Date-Added = {2013-05-04 02:35:38 +0000},
	Date-Modified = {2013-05-04 02:35:38 +0000},
	Journal = {Data Mining and Knowledge Discovery},
	Number = {1},
	Pages = {5--22},
	Publisher = {Springer},
	Title = {Free-sets: a condensed representation of boolean data for the approximation of frequency queries},
	Volume = {7},
	Year = {2003}}

@inproceedings{yan2005summarizing,
	Author = {Yan, Xifeng and Cheng, Hong and Han, Jiawei and Xin, Dong},
	Booktitle = {Proceedings of the eleventh ACM SIGKDD international conference on Knowledge discovery in data mining},
	Date-Added = {2013-05-04 02:32:48 +0000},
	Date-Modified = {2013-05-04 02:32:48 +0000},
	Organization = {ACM},
	Pages = {314--323},
	Title = {Summarizing itemset patterns: a profile-based approach},
	Year = {2005}}

@incollection{pasquier1999discovering,
	Author = {Pasquier, Nicolas and Bastide, Yves and Taouil, Rafik and Lakhal, Lotfi},
	Booktitle = {Database Theory---ICDT'99},
	Date-Added = {2013-05-04 02:02:41 +0000},
	Date-Modified = {2013-05-04 02:02:41 +0000},
	Pages = {398--416},
	Publisher = {Springer},
	Title = {Discovering frequent closed itemsets for association rules},
	Year = {1999}}

@inproceedings{yang2012framework,
	Author = {Yang, Xintian and Ghoting, Amol and Ruan, Yiye and Parthasarathy, Srinivasan},
	Booktitle = {Proceedings of the 18th ACM SIGKDD international conference on Knowledge discovery and data mining},
	Date-Added = {2013-05-03 19:54:57 +0000},
	Date-Modified = {2013-05-03 19:54:57 +0000},
	Organization = {ACM},
	Pages = {370--378},
	Title = {A framework for summarizing and analyzing twitter feeds},
	Year = {2012}}

@inproceedings{uno2004lcm,
	Author = {Uno, Takeaki and Kiyomi, Masashi and Arimura, Hiroki},
	Booktitle = {Proceedings of the IEEE ICDM Workshop on Frequent Itemset Mining Implementations (FIMI 04)},
	Date-Added = {2013-05-03 16:49:35 +0000},
	Date-Modified = {2013-05-03 16:49:35 +0000},
	Title = {LCM ver. 2: Efficient mining algorithms for frequent/closed/maximal itemsets},
	Year = {2004}}

@proceedings{DBLP:conf/fimi/2004,
	Bibsource = {DBLP, http://dblp.uni-trier.de},
	Booktitle = {FIMI},
	Date-Added = {2013-05-03 16:47:08 +0000},
	Date-Modified = {2013-05-03 16:47:08 +0000},
	Editor = {Roberto J. Bayardo Jr. and Bart Goethals and Mohammed Javeed Zaki},
	Publisher = {CEUR-WS.org},
	Series = {CEUR Workshop Proceedings},
	Title = {FIMI '04, Proceedings of the IEEE ICDM Workshop on Frequent Itemset Mining Implementations, Brighton, UK, November 1, 2004},
	Volume = {126},
	Year = {2004}}

@inproceedings{han2000mining,
	Author = {Han, Jiawei and Pei, Jian and Yin, Yiwen},
	Booktitle = {ACM SIGMOD Record},
	Date-Added = {2013-05-03 16:00:03 +0000},
	Date-Modified = {2013-05-03 16:00:03 +0000},
	Number = {2},
	Organization = {ACM},
	Pages = {1--12},
	Title = {Mining frequent patterns without candidate generation},
	Volume = {29},
	Year = {2000}}

@inproceedings{agrawal1994fast,
	Author = {Agrawal, Rakesh and Srikant, Ramakrishnan and others},
	Booktitle = {Proc. 20th Int. Conf. Very Large Data Bases, VLDB},
	Date-Added = {2013-05-03 15:43:21 +0000},
	Date-Modified = {2013-05-03 15:43:21 +0000},
	Pages = {487--499},
	Title = {Fast algorithms for mining association rules},
	Volume = {1215},
	Year = {1994}}

@inproceedings{mathioudakis2010twittermonitor,
	Author = {Mathioudakis, Michael and Koudas, Nick},
	Booktitle = {Proceedings of the 2010 international conference on Management of data},
	Date-Added = {2013-05-03 03:42:34 +0000},
	Date-Modified = {2013-05-03 03:42:34 +0000},
	Organization = {ACM},
	Pages = {1155--1158},
	Title = {Twittermonitor: trend detection over the twitter stream},
	Year = {2010}}

@inproceedings{choi2012temporal,
	Author = {Choi, Jaeho and Croft, W Bruce},
	Booktitle = {Proceedings of the 21st ACM international conference on Information and knowledge management},
	Date-Added = {2013-05-03 02:06:16 +0000},
	Date-Modified = {2013-05-03 02:06:16 +0000},
	Organization = {ACM},
	Pages = {2491--2494},
	Title = {Temporal models for microblogs},
	Year = {2012}}
